@misc{du2023geometry,
    title={Geometry of Selberg's bisectors in the symmetric space {$\SL(n,\mathbb{R})/\SO(n,\mathbb{\R})$}}, 
      author={Yukun Du},
      year={2023},
      eprint={2302.00643},
      archivePrefix={arXiv},
      primaryClass={math.GR}
}

@article{goldman,
    author = {Goldman, William},
    year = {2013},
    month = {02},
    pages = {},
    title = {Bulging deformations of convex {$\RP^2$}-manifolds}
}

@misc{gezalyan2021voronoi,
      title={Voronoi Diagrams in the Hilbert Metric}, 
      author={Auguste H. Gezalyan and David M. Mount},
      year={2021},
      eprint={2112.03056},
      archivePrefix={arXiv},
      primaryClass={cs.CG}
}

@misc{ballas,
    title={209P: Projective Structures on Manifolds},
    author={Sam Ballas and Daryl Cooper},
    year={2016},
    url={https://web.math.ucsb.edu/~sballas/260p/}
}
